@online{monnaie,
    title  = "Monnaie libre",
    url    = "http://fr.wikipedia.org/wiki/Monnaie_libre"
}

@online{sel,
    title = "Syst√®me d'Echange Local",
    url   = "http://www.selidaire.org/spip/"
}

@online{progit,
    author    = "Scott Chacon",
    title     = "Pro Git",
    url       = "http://git-scm.com/book"
}

@online{tuto_symfony,
    title = "Tutoriel Openclassroom sur Symfony2",
    url   = "http://fr.openclassrooms.com/informatique/cours/developpez-votre-site-web-avec-le-framework-symfony2"
}

@online{symfony,
    title = "Site officiel de Symfony",
    url   = "http://symfony.com/"
}

@online{cakephp,
    title = "Site officiel de CakePHP",
    url   = "http://cakephp.org/"
}

@online{drupal,
    title = "Site officiel de Drupal",
    url   = "http://drupalfr.org/"
}

@online{wp,
    title = "Site officiel de WordPress",
    url   = "http://fr.wordpress.org/"
}

@online{fuel,
    title = "Site officiel de FuelPHP",
    url   = "http://fuelphp.com/"
}

@online{producteev,
    title = "Producteev",
    url   = "https://www.producteev.com/"
}

@online{hostinger,
    title = "Hostinger",
    url   = "http://www.hostinger.fr/"
}

@online{github,
    title = "Github",
    url   = "https://github.com/"
}

@online{doxygen,
    title = "Doxygen",
    url   = "http://www.stack.nl/~dimitri/doxygen/"
}

@online{fz,
    title = "FileZilla",
    url   = "http://filezilla.fr/"
}

@online{poavre,
    title = "Poavre",
    url   = "http://poavre.besaba.com/"
}

@online{bc,
    title = "Le Bon Coin",
    url   = "http://www.leboncoin.fr/"
}

